@BOOK{haykin,
	AUTHOR="Simon Hayking",
	TITLE="Neuronal Networks: a conprehensive foundation",
	PUBLISHER="Prentice-Hall, Inc.",
	ADDRESS="New Jersey",
	EDITION="second",
	isbn="0-13-273350-1",
	YEAR="1999"
}

@BOOK{badea,
	AUTHOR="Claudia-Lidia Badea",
	TITLE="Grundlagen Künstliche Neuronale Netze",
	PUBLISHER="Vorlesungsskript an der Universität Salzburg",
	ADDRESS="Fachbereich Computerwissenschaften",
	YEAR="2012"
}

@BOOK{pham,
	AUTHOR="D. T. Pham and X. Liu",
	TITLE="Training of Elman networks and dynamic system modelling",
	PUBLISHER="International Journal of Systems Science",
	SERIES="volume 27",
	YEAR="1996"
}

@BOOK{elman,
	AUTHOR="JEFFREY L. ELMAN",
	TITLE="Finding Structure in Time",
	PUBLISHER="COGNITIVE SCIENCE",
	ADDRESS="University of California, San Diego",
	YEAR="1990"
}

@BOOK{felzer,
	AUTHOR="Torsten Felzer",
	TITLE="Analyse menschlicher Bewegungssequenzen im Hinblick auf eine Übertragbarkeit auf KÜNSTLICHE LERNENDE SYSTEME",
	PUBLISHER="Technische Hochschule Darmstadt",
	ADDRESS="Darmstadt",
	YEAR="2002"
}

@BOOK{cruse,
	AUTHOR="Holk Cruse",
	TITLE="Neural Networks as Cybernetic Systems",
	PUBLISHER="Department of Biological Cybernetics and Theoretical Biology",
	ADDRESS="Bielefeld University",
	EDITION="second",
	YEAR="2006"
}